
@article{Gilbert2024,
	title = {A century of statistical {\emph{Ecology}}},
	author = {Gilbert, Neil A. and Amaral, Bruna R. and Smith, Olivia M. and Williams, Peter J. and Ceyzyk, Sydney and Ayebare, Samuel and Davis, Kayla L. and Leuenberger, Wendy and Doser, Jeffrey W. and Zipkin, Elise F.},
	year = {2024},
	month = {05},
	date = {2024-05-13},
	journal = {Ecology},
	volume = {105},
	number = {6},
	doi = {10.1002/ecy.4283},
	url = {http://dx.doi.org/10.1002/ecy.4283},
	langid = {en}
}

@book{begon2021ecology,
  title={Ecology: from individuals to ecosystems},
  author={Begon, Michael and Townsend, Colin R},
  year={2021},
  publisher={John Wiley \& Sons}
}

@book{fletcher2018spatial,
  title={Spatial ecology and conservation modeling},
  author={Fletcher, Robert and Fortin, M},
  year={2018},
  publisher={Springer}
}

@article{locke2021nature,
  title={A nature-positive world: The global goal for nature},
  author={Locke, Harvey and Rockstr{\"o}m, Johan and Bakker, Peter and Bapna, Manish and Gough, Mark and Hilty, Jodi and Lambertini, Marco and Morris, Jennifer and Polman, Paul and Rodriguez, Carlos M and others},
  year={2021},
  publisher={Global Goal for Nature Group}
}
@article{dungan2002,
	title = {A balanced view of scale in spatial statistical analysis},
	author = {Dungan, J. L. and Perry, J. N. and Dale, M. R. T. and Legendre, P. and {Citron{-}Pousty}, S. and Fortin, {M.{-}J.} and Jakomulska, A. and Miriti, M. and Rosenberg, M. S.},
	year = {2002},
	month = {08},
	date = {2002-08-20},
	journal = {Ecography},
	pages = {626--640},
	volume = {25},
	number = {5},
	doi = {10.1034/j.1600-0587.2002.250510.x},
	url = {http://dx.doi.org/10.1034/j.1600-0587.2002.250510.x},
	langid = {en}
}
